@article{DiggleEtAl2000,
title = {A comparison between parametric and non-parametric
         approaches to the analysis of replicated spatial point patterns},

author = {Peter J. Diggle and Jorge Mateu and Helen E. Clough},
journal = {Advances in Applied Probability},
volume = {32},
pages = {331 -- 343},
year = {2000}
}

@article{Hahn2012,
title = {A studentized permutation test for the comparison of spatial point patterns},
author = {Ute Hahn},
journal = {Journal of the American Statistical Association},
volume = {107},
number = {498},
pages = {754 -- 764},
note = {DOI: 10.1080/01621459.2012.688463},
year = {2012}
}

@book{BaddeleyEtAl2015,
  author =       {A. Baddeley and E. Rubak and R. Turner},
  title =        {Spatial Point Patterns: Methodology and Applications with R},
  publisher =    {Chapman and Hall/CRC Press},
  year =         {2015},
  address =      {London}
}

@book{Zhang2013,
title = {Analysis of Variance for Functional Data},
year = {2013},
author = {Jin-Ting Zhang},
publisher = {preprint},
address = {National University of Singapore}
}
